<collection xmlns="http://www.loc.gov/MARC21/slim">
<record>
  <leader>00697na 0a22001571i 450 </leader>
  <controlfield tag="001">IT\ICCU\CNCE\045138</controlfield>
  <controlfield tag="005">20101021000000.0</controlfield>
  <datafield tag="100" ind1=" " ind2=" ">
    <subfield code="a">19990121             0itac0103    ba</subfield>
  </datafield>
  <datafield tag="101" ind1=" " ind2=" ">
    <subfield code="a">ITA</subfield>
  </datafield>
  <datafield tag="200" ind1="1" ind2=" ">
    <subfield code="a">℗El ℗sexto libro del innamoramento dorlando</subfield>
  </datafield>
  <datafield tag="700" ind1=" " ind2="0">
    <subfield code="a">Pierfrancesco</subfield>
    <subfield code="c"> : da#Camerino</subfield>
    <subfield code="3">IT\ICCU\CNCA\008938</subfield>
  </datafield>
  <datafield tag="790" ind1=" " ind2="1">
    <subfield code="a">Camerino,</subfield>
    <subfield code="b">Conte : de</subfield>
    <subfield code="3">IT\ICCU\CNCA\008940</subfield>
    <subfield code="z">Pierfrancesco : da#Camerino</subfield>
  </datafield>
  <datafield tag="790" ind1=" " ind2="1">
    <subfield code="a">Camerino,</subfield>
    <subfield code="b">Pier Francesco</subfield>
    <subfield code="3">IT\ICCU\CNCA\008941</subfield>
    <subfield code="z">Pierfrancesco : da#Camerino</subfield>
  </datafield>
  <datafield tag="790" ind1=" " ind2="0">
    <subfield code="a">Pierfrancesco</subfield>
    <subfield code="c"> : di#Camerino</subfield>
    <subfield code="3">IT\ICCU\CNCA\022185</subfield>
    <subfield code="z">Pierfrancesco : da#Camerino</subfield>
  </datafield>
  <datafield tag="790" ind1=" " ind2="0">
    <subfield code="a">Conte de conti</subfield>
    <subfield code="c"> : da#Camerino</subfield>
    <subfield code="3">IT\ICCU\CNCA\025271</subfield>
    <subfield code="z">Pierfrancesco : da#Camerino</subfield>
  </datafield>
  <datafield tag="801" ind1=" " ind2="3">
    <subfield code="a">IT</subfield>
    <subfield code="b">ICCU</subfield>
    <subfield code="c">20201114</subfield>
  </datafield>
</record>
</collection>
